<?xml version="1.0" encoding="UTF-8"?><collection xmlns="http://www.loc.gov/MARC21/slim"><record><leader>00515nam--2200169-u-4500</leader><controlfield tag="001">000056336</controlfield><controlfield tag="002">20161230</controlfield><controlfield tag="005">20161230201052</controlfield><controlfield tag="008">150706s1000------------r-----000-0-eng-d</controlfield><datafield ind1=" " ind2=" " tag="040"><subfield code="a">IFIN-HH</subfield></datafield><datafield ind1="1" ind2=" " tag="100"><subfield code="a">Peculea, Marius</subfield></datafield><datafield ind1="1" ind2="0" tag="245"><subfield code="a">Procesul de umidificare / dezumidificare din ansamblul instalatiei biterme de separare izotopica h2o - h2s</subfield><subfield code="c">Marius peculea</subfield></datafield><datafield ind1=" " ind2=" " tag="260"><subfield code="a">Bucuresi</subfield><subfield code="b">Editura Agir</subfield><subfield code="c">2009</subfield></datafield><datafield ind1=" " ind2=" " tag="300"><subfield code="a">71P</subfield></datafield><datafield ind1=" " ind2=" " tag="490"><subfield code="a">Seria Eseuri Stiintifice</subfield></datafield><datafield ind1=" " ind2=" " tag="852"><subfield code="a">82413</subfield><subfield code="c">547</subfield></datafield><datafield ind1=" " ind2=" " tag="CAT"><subfield code="a">Sys</subfield><subfield code="c">20150709</subfield><subfield code="h">084501</subfield></datafield></record></collection>